<?xml version="1.0" encoding="UTF-8"?><record xmlns="http://www.loc.gov/MARC21/slim" xmlns:cinclude="http://apache.org/cocoon/include/1.0" xmlns:zs="http://www.loc.gov/zing/srw/">
  <leader>01357cz  a2200253n  4500</leader>
  <controlfield tag="001">n  85005909 </controlfield>
  <controlfield tag="003">DLC</controlfield>
  <controlfield tag="005">20160201123458.0</controlfield>
  <controlfield tag="008">850315n| azannaabn          |a aaa      </controlfield>
  <datafield tag="010" ind1=" " ind2=" ">
    <subfield code="a">n  85005909 </subfield>
    <subfield code="z">nr 93041249 </subfield>
  </datafield>
  <datafield tag="035" ind1=" " ind2=" ">
    <subfield code="a">(OCoLC)oca01295005</subfield>
  </datafield>
  <datafield tag="040" ind1=" " ind2=" ">
    <subfield code="a">InU</subfield>
    <subfield code="b">eng</subfield>
    <subfield code="e">rda</subfield>
    <subfield code="c">DLC</subfield>
    <subfield code="d">OCoLC</subfield>
    <subfield code="d">DLC</subfield>
    <subfield code="d">MH</subfield>
    <subfield code="d">DLC</subfield>
  </datafield>
  <datafield tag="046" ind1=" " ind2=" ">
    <subfield code="g">1694</subfield>
    <subfield code="2">edtf</subfield>
  </datafield>
  <datafield tag="100" ind1="1" ind2=" ">
    <subfield code="a">Washington, Joseph,</subfield>
    <subfield code="d">-1694</subfield>
  </datafield>
  <datafield tag="373" ind1=" " ind2=" ">
    <subfield code="a">Middle Temple (London, England)</subfield>
    <subfield code="2">naf</subfield>
  </datafield>
  <datafield tag="374" ind1=" " ind2=" ">
    <subfield code="a">Lawyers</subfield>
    <subfield code="2">lcsh</subfield>
  </datafield>
  <datafield tag="400" ind1="1" ind2=" ">
    <subfield code="w">nnea</subfield>
    <subfield code="a">Washington, Joseph,</subfield>
    <subfield code="d">d. 1694</subfield>
  </datafield>
  <datafield tag="400" ind1="1" ind2=" ">
    <subfield code="w">nnea</subfield>
    <subfield code="a">Washington, Joseph,</subfield>
    <subfield code="d">active 1704</subfield>
  </datafield>
  <datafield tag="400" ind1="1" ind2=" ">
    <subfield code="a">Washington, Joseph,</subfield>
    <subfield code="d">fl. 1704</subfield>
  </datafield>
  <datafield tag="670" ind1=" " ind2=" ">
    <subfield code="a">Tate, N. In memory of Joseph Washington, late of the Middle Temple ... 1694.</subfield>
  </datafield>
  <datafield tag="670" ind1=" " ind2=" ">
    <subfield code="a">An exact abridgment of all the statutes of King William and Queen Mary, and of King William III. and Queen Anne, in force and use, 1704:</subfield>
    <subfield code="b">t.p. (Joseph Washington)</subfield>
  </datafield>
  <datafield tag="670" ind1=" " ind2=" ">
    <subfield code="a">An exact abridgment of all the statutes of King William and Queen Mary, and of King William III. and Queen Anne, in force and use, 1704, via Eighteenth Century Collections Online, viewed 27 Jan. 2016:</subfield>
    <subfield code="b">t.p. (Begun by Joseph Washington of the Middle-Temple, Esq; and since his death, revised, and continued to the end of the last Session of Parliament, April the 3d, 1704)</subfield>
  </datafield>
  <datafield tag="670" ind1=" " ind2=" ">
    <subfield code="a">NUC pre-56</subfield>
    <subfield code="b">(Washington, Joseph)</subfield>
  </datafield>
  <datafield tag="675" ind1=" " ind2=" ">
    <subfield code="a">DNB;</subfield>
    <subfield code="a">Alumni Oxon.;</subfield>
    <subfield code="a">Alumni Cantab., pt. I.</subfield>
  </datafield>
</record>